<record><leader>00000cas a22000007a 4500</leader><controlfield tag="001">13306396</controlfield><controlfield tag="008">860318d193619uuwvuwr ne      0    0eng d</controlfield><datafield ind1=" " ind2=" " tag="010"><subfield code="a">sn 86092417 </subfield></datafield><datafield ind1=" " ind2=" " tag="040"><subfield code="a">WVC</subfield><subfield code="b">eng</subfield><subfield code="c">WVC</subfield><subfield code="d">OCL</subfield><subfield code="d">OCLCQ</subfield></datafield><datafield ind1=" " ind2=" " tag="042"><subfield code="a">msc</subfield></datafield><datafield ind1="0" ind2="0" tag="245"><subfield code="a">Tri-Bora news review.</subfield></datafield><datafield ind1=" " ind2=" " tag="260"><subfield code="a">Hundred, W. Va. :</subfield><subfield code="b">Carl D. McLucas,</subfield><subfield code="c">1936-</subfield></datafield><datafield ind1=" " ind2=" " tag="300"><subfield code="a">v.</subfield></datafield><datafield ind1=" " ind2=" " tag="310"><subfield code="a">Weekly</subfield></datafield><datafield ind1="0" ind2=" " tag="362"><subfield code="a">Vol. 1, no. 1 (Aug. 27, 1936)-</subfield></datafield><datafield ind1=" " ind2=" " tag="500"><subfield code="a">"Dedicated to Public Service of Hundred, Littleton, Burton tri-district and vicinity."</subfield></datafield><datafield ind1=" " ind2=" " tag="500"><subfield code="a">Editor: Paul Teagarden.</subfield></datafield><datafield ind1=" " ind2=" " tag="752"><subfield code="a">United States</subfield><subfield code="b">West Virginia</subfield><subfield code="c">Wetzel</subfield><subfield code="d">Hundred.</subfield></datafield></record>